@article{allen2019,
  title={The Big Woods research plot at the ES George Reserve, Pinckney, MI, USA},
  author={Allen, David and Dick, Christopher W and Burnham, Robyn and Perfecto, Ivette and Vandermeer, John},
  year={In review}
}

@misc{allen2019b,
  title={Michigan Big Woods research plot data [Data set]},
  author={Allen, David and Vandermeer, John and Dick, Christopher W and Perfecto, Ivette and Burnham, Robyn},
  year={2019},
  insitution={University of Michigan - Deep Blue},
  doi={10.7302/wx55-kt18},
  url={https://doi.org/10.7302/wx55-kt18}
}


@article{valavi2019,
	author = {Valavi, Roozbeh and Elith, Jane and Lahoz-Monfort, Jos{\'e} J. and Guillera-Arroita, Gurutzeta},
	title = {blockCV: an R package for generating spatially or environmentally separated folds for k-fold cross-validation of species distribution models},
	elocation-id = {357798},
	year = {2018},
	doi = {10.1101/357798},
	publisher = {Cold Spring Harbor Laboratory},
	URL = {https://www.biorxiv.org/content/early/2018/06/28/357798},
	eprint = {https://www.biorxiv.org/content/early/2018/06/28/357798.full.pdf},
	journal = {bioRxiv}
}

@article{allen2018,
  title={Scale and strength of oak--mesophyte interactions in a transitional oak--hickory forest},
  author={Allen, David and Dick, Christopher W and Strayer, Ethan and Perfecto, Ivette and Vandermeer, John},
  journal={Canadian Journal of Forest Research},
  volume={48},
  number={11},
  pages={1366--1372},
  year={2018},
  publisher={NRC Research Press}
}

@article{anderson2015,
  title={CTFS-Forest GEO: a worldwide network monitoring forests in an era of global change},
  author={Anderson-Teixeira, Kristina J and Davies, Stuart J and Bennett, Amy C and Gonzalez-Akre, Erika B and Muller-Landau, Helene C and Joseph Wright, S and Abu Salim, Kamariah and Almeyda Zambrano, Ang{\'e}lica M and Alonso, Alfonso and Baltzer, Jennifer L and others},
  journal={Global change biology},
  volume={21},
  number={2},
  pages={528--549},
  year={2015},
  publisher={Wiley Online Library}
}

@Book{BDA3,
  author = {Andrew Gelman and John B. Carlin and Hal S. Stern and David B. Dunson and Aki Vehtari and Donald B. Rubin},
  title = {Bayesian Data Analysis},
  publisher = {Chapman \& Hall},
  series = {CRC Texts in Statistical Science},
  year = {2013},
  isbn = {978-1439840955},
  url = {http://www.stat.columbia.edu/~gelman/book/},
}

@Book{ARM,
  author = {Andrew Gelman and Jennifer Hill},
  title = {Data Analysis Using Regression and Multilevel/Hierarchical Models},
  publisher = {Cambridge University Press},
  series = {Analytical Methods for Social Research},
  year = {2007},
  isbn = {978-0521686891},
  url = {http://www.stat.columbia.edu/~gelman/arm/},
}

@Book{StatisticalRethinking,
  author = {Richard McElreath},
  title = {Statistical Rethinking: A Bayesian Course with Examples in R and Stan},
  publisher = {Chapman \& Hall},
  series = {CRC Texts in Statistical Science},
  year = {2016},
  isbn = {978-1482253443},
  url = {https://xcelab.net/rm/statistical-rethinking/},
}

@Book{TSL,
  author = {Trevor Hastie and Robert Tibshirani and Jerome Friedman},
  title = {The Elements of Statistical Learning},
  publisher = {Springer},
  series = {Springer Series in Statistics},
  year = {2009},
  edition = {2nd},
  isbn = {978-0387848570},
  url = {https://web.stanford.edu/~hastie/ElemStatLearn/},
}

@article{canham2004,
  title={A neighborhood analysis of canopy tree competition: effects of shading versus crowding},
  author={Canham, Charles D and LePage, Philip T and Coates, K Dave},
  journal={Canadian Journal of Forest Research},
  volume={34},
  number={4},
  pages={778--787},
  year={2004},
  publisher={NRC Research Press}
}

@article{canham2006,
  title={Neighborhood analyses of canopy tree competition along environmental gradients in New England forests},
  author={Canham, Charles D and Papaik, Michael J and Uriarte, Mar{\'\i}a and McWilliams, William H and Jenkins, Jennifer C and Twery, Mark J},
  journal={Ecological applications},
  volume={16},
  number={2},
  pages={540--554},
  year={2006},
  publisher={Wiley Online Library}
}

@article{canham2006b,
  title={Analysis of neighborhood dynamics of forest ecosystems using likelihood methods and modeling},
  author={Canham, Charles D and Uriarte, Mar{\'\i}a},
  journal={Ecological Applications},
  volume={16},
  number={1},
  pages={62--73},
  year={2006},
  publisher={Wiley Online Library}
}

@article{coates2009,
  title={Above-versus below-ground competitive effects and responses of a guild of temperate tree species},
  author={Coates, K David and Canham, Charles D and LePage, Philip T},
  journal={Journal of Ecology},
  volume={97},
  number={1},
  pages={118--130},
  year={2009},
  publisher={Wiley Online Library}
}

@article{das2012,
  title={The effect of size and competition on tree growth rate in old-growth coniferous forests},
  author={Das, Adrian},
  journal={Canadian Journal of Forest Research},
  volume={42},
  number={11},
  pages={1983--1995},
  year={2012},
  publisher={NRC Research Press}
}

@book{hubbell2001,
  title={The Unified Neutral Theory of Biodiversity and Biogeography},
  author={Hubbell, Stephen P},
  year={2001},
  publisher={Princeton University Press}
}

@article{kattge2011,
  title={TRY--a global database of plant traits},
  author={Kattge, Jens and Diaz, Sandra and Lavorel, Sandra and Prentice, I Colin and Leadley, Paul and B{\"o}nisch, Gerhard and Garnier, Eric and Westoby, Mark and Reich, Peter B and Wright, Ian J and others},
  journal={Global change biology},
  volume={17},
  number={9},
  pages={2905--2935},
  year={2011},
  publisher={Wiley Online Library}
}

@article{kunstler2016,
  title={Plant functional traits have globally consistent effects on competition},
  author={Kunstler, Georges and Falster, Daniel and Coomes, David A and Hui, Francis and Kooyman, Robert M and Laughlin, Daniel C and Poorter, Lourens and Vanderwel, Mark and Vieilledent, Ghislain and Wright, S Joseph and others},
  journal={Nature},
  volume={529},
  number={7585},
  pages={204--207},
  year={2016},
  publisher={Nature Research}
}

@article{lasky2014,
  title={Trait-mediated assembly processes predict successional changes in community diversity of tropical forests},
  author={Lasky, Jesse R and Uriarte, Mar{\'\i}a and Boukili, Vanessa K and Chazdon, Robin L},
  journal={Proceedings of the National Academy of Sciences},
  volume={111},
  number={15},
  pages={5616--5621},
  year={2014},
  publisher={National Acad Sciences}
}

@article{lerest2014,
  title={Spatial leave-one-out cross-validation for variable selection in the presence of spatial autocorrelation},
  author={Le Rest, K{\'e}vin and Pinaud, David and Monestiez, Pascal and Chadoeuf, Jo{\"e}l and Bretagnolle, Vincent},
  journal={Global ecology and biogeography},
  volume={23},
  number={7},
  pages={811--820},
  year={2014},
  publisher={Wiley Online Library}
}

@Manual{maechler2017,
    title = {cluster: Cluster Analysis Basics and Extensions},
    author = {Martin Maechler and Peter Rousseeuw and Anja Struyf and Mia Hubert and Kurt Hornik},
    year = {2017},
    note = {R package version 2.0.6}
  }

@article{pohjankukka2017,
  title={Estimating the prediction performance of spatial models via spatial k-fold cross validation},
  author={Pohjankukka, Jonne and Pahikkala, Tapio and Nevalainen, Paavo and Heikkonen, Jukka},
  journal={International Journal of Geographical Information Science},
  volume={31},
  number={10},
  pages={2001--2019},
  year={2017},
  publisher={Taylor \& Francis}
}

@article{roberts2017,
  title={Cross-validation strategies for data with temporal, spatial, hierarchical, or phylogenetic structure},
  author={Roberts, David R and Bahn, Volker and Ciuti, Simone and Boyce, Mark S and Elith, Jane and Guillera-Arroita, Gurutzeta and Hauenstein, Severin and Lahoz-Monfort, Jos{\'e} J and Schr{\"o}der, Boris and Thuiller, Wilfried and Warton, David I and Wintle, Brendan A and Hartig, Florian and Dormann, Castren F},
  journal={Ecography},
  year={2017},
  publisher={Wiley Online Library},
  volume={40},
  number={8},
  pages={913--929}
}

@Misc{RStan2016,
    title = {{RStan}: the {R} interface to {Stan}},
    author = {{Stan Development Team}},
    note = {R package version 2.14.1},
    year = {2016},
    url = {http://mc-stan.org/},
  }

@Manual{R2017,
    title = {R: A Language and Environment for Statistical Computing},
    author = {{R Core Team}},
    organization = {R Foundation for Statistical Computing},
    address = {Vienna, Austria},
    year = {2017},
    url = {https://www.R-project.org/},
  }

@article{rotl,
  title={rotl: an R package to interact with the Open Tree of Life data},
  author={Michonneau, Fran{\c{c}}ois and Brown, Joseph W and Winter, David J},
  journal={Methods in Ecology and Evolution},
  volume={7},
  number={12},
  pages={1476--1481},
  year={2016},
  publisher={Wiley Online Library}
}

@article{otl,
  title={Synthesis of phylogeny and taxonomy into a comprehensive tree of life},
  author={Hinchliff, Cody E and Smith, Stephen A and Allman, James F and Burleigh, J Gordon and Chaudhary, Ruchi and Coghill, Lyndon M and Crandall, Keith A and Deng, Jiabin and Drew, Bryan T and Gazis, Romina and others},
  journal={Proceedings of the National Academy of Sciences},
  volume={112},
  number={41},
  pages={12764--12769},
  year={2015},
  publisher={National Acad Sciences}
}

@Manual{tidyverse,
    title = {tidyverse: Easily Install and Load the 'Tidyverse'},
    author = {Hadley Wickham},
    year = {2017},
    note = {R package version 1.2.1},
    url = {https://CRAN.R-project.org/package=tidyverse},
  }

@Manual{ggridges,
    title = {ggridges: Ridgeline Plots in 'ggplot2'},
    author = {Claus O. Wilke},
    year = {2018},
    note = {R package version 0.5.1},
    url = {https://CRAN.R-project.org/package=ggridges},
  }

@article{stone1977,
  title={An asymptotic equivalence of choice of model by cross-validation and Akaike's criterion},
  author={Stone, Mervyn},
  journal={Journal of the Royal Statistical Society. Series B (Methodological)},
  volume={39},
  number={1},
  pages={44--47},
  year={1977},
}

@article{tatsumi2013,
  title={Bayesian modeling of neighborhood competition in uneven-aged mixed-species stands},
  author={Tatsumi, S and Owari, T and Ohkawa, A and Nakagawa, Y},
  journal={Formath},
  volume={12},
  pages={191--209},
  year={2013},
  publisher={FORMATH Research Group}
}

@article{tatsumi2016,
  title={Estimating competition coefficients in tree communities: a hierarchical Bayesian approach to neighborhood analysis},
  author={Tatsumi, Shinichi and Owari, Toshiaki and Mori, Akira S},
  journal={Ecosphere},
  volume={7},
  number={3},
  year={2016},
  publisher={Wiley Online Library}
}

@article{uriarte2004,
  title={A spatially explicit model of sapling growth in a tropical forest: does the identity of neighbours matter?},
  author={Uriarte, Mar{\'\i}a and Condit, Richard and Canham, Charles D and Hubbell, Stephen P},
  journal={Journal of Ecology},
  volume={92},
  number={2},
  pages={348--360},
  year={2004},
  publisher={Wiley Online Library}
}

@article{uriarte2010,
  title={Trait similarity, shared ancestry and the structure of neighbourhood interactions in a subtropical wet forest: implications for community assembly},
  author={Uriarte, Maria and Swenson, Nathan G and Chazdon, Robin L and Comita, Liza S and John Kress, W and Erickson, David and Forero-Monta{\~n}a, Jimena and Zimmerman, Jess K and Thompson, Jill},
  journal={Ecology letters},
  volume={13},
  number={12},
  pages={1503--1514},
  year={2010},
  publisher={Wiley Online Library}
}

@article{van2014,
  title={An individual-based growth and competition model for coastal redwood forest restoration},
  author={van Mantgem, Phillip and Das, Adrian},
  journal={Canadian Journal of Forest Research},
  volume={44},
  number={9},
  pages={1051--1057},
  year={2014},
  publisher={NRC Research Press}
}

@article{woudenberg2010,
  title={The Forest Inventory and Analysis Database: Database description and users manual version 4.0 for Phase 2},
  author={Woudenberg, Sharon W and Conkling, Barbara L and O'Connell, Barbara M and LaPoint, Elizabeth B and Turner, Jeffery A and Waddell, Karen L},
  journal={Gen. Tech. Rep. RMRS-GTR-245. Fort Collins, CO: US Department of Agriculture, Forest Service, Rocky Mountain Research Station. 336 p.},
  volume={245},
  year={2010}
}
